10400000         2124574840001810000000000000000000001584925163200000000MEGA - CAIXA ECONOMICA        CAIXA ECONOMICA FEDERAL                 11103202418000800391105000000                    REMESSA-PRODUCAO                                 
10400011R0100030 20124574840001812516320000000000000001584925163200000000MEGA - CAIXA ECONOMICA                                                                                        000039111103202400000000                                 
1040001300001P 0101584925163200000000000140012175090005981122000002036592    1203202400000000000473100000099N1103202411303202400000000000001600000000000000000000000000000000000000000000000000000000002036592              3001029090000000000 
1040001300002Q 011000001325254452LAUDICEA VITAL DA SILVA                 RUA  GURIÚ  Nº 39                       COHAB          51330080RECIFE         PE0000000000000000                                                                       
1040001300003P 0101584925163200000000000140014640079004901122000002036841    1203202400000000000649800000099N1103202411303202400000000000002100000000000000000000000000000000000000000000000000000000002036841              3001029090000000000 
1040001300004Q 011000003386717497ALEXSANDRA FERREIRA DOS SANTOS          RUA MARIANO MARQUES, Nº 76              JARDIM PIEDADE 54420510JABOATAO DOS GUPE0000000000000000                                                                       
1040001300005P 0101584925163200000000000140014821079005111122000002044661    1203202400000000000432000000099N1103202411303202400000000000001400000000000000000000000000000000000000000000000000000000002044661              3001029090000000000 
1040001300006Q 011000005065586497VALDENIA KATIA DE LIRA                  6ª TRAVESSA SUCUPIRA DO NORTE  Nº 256   PIEDADE        54410272JABOATÃO DOS GUPE0000000000000000                                                                       
1040001300007P 0101584925163200000000000140015165078005631122000002057498    1203202400000000000427200000099N1103202411303202400000000000001400000000000000000000000000000000000000000000000000000000002057498              3001029090000000000 
1040001300008Q 011000093256760449AMARA ROBERTA DA SILVA LIMA             RUA JOÃO FRAGOSO DE MEDEIROS   Nº 26 A  CANDEIAS       54430131JABOATÃO DOS GUPE0000000000000000                                                                       
1040001300009P 0101584925163200000000000140015860075012311122000002036977    1203202400000000000645500000099N1103202411303202400000000000002100000000000000000000000000000000000000000000000000000000002036977              3001029090000000000 
1040001300010Q 011000031726925404VERA LUCIA DA SILVA                     RUA SÃO SEVERINO Nº16/ 16 A             JARDIM PIEDADE 54410590JABOATAO DOS GUPE0000000000000000                                                                       
1040001300011P 0101584925163200000000000140019681053003001122000002018939    1203202400000000000417600000099N1103202411303202400000000000001400000000000000000000000000000000000000000000000000000000002018939              3001029090000000000 
1040001300012Q 011000027047300406FRANCISCA JOAQUINA SANTOS DA SILVA      5ª TRAVESSA GONÇALVES DIAS, Nº 28       JARDIM JORDÃO  54320009JABOATÃO DOS GUPE0000000000000000                                                                       
1040001300013P 0101584925163200000000000140022283041003201122000002034104    1303202400000000000377800000099N1103202411403202400000000000001200000000000000000000000000000000000000000000000000000000002034104              3001029090000000000 
1040001300014Q 011000007166057408MARIA JOSÉ FELIX DA SILVA               RUA AUGUSTO GUEDES DOS SANTOS, Nº 08    JARDIM JORDÃO  54320470JABOATÃO DOS GUPE0000000000000000                                                                       
1040001300015P 0101584925163200000000000140023553036003301122000002015011    1203202400000000000608900000099N1103202411303202400000000000002000000000000000000000000000000000000000000000000000000000002015011              3001029090000000000 
1040001300016Q 011000063359294491EDIMILSON GOMES DA SILVA JUNIOR         RUA MAURICIO DE NASSAU, Nº 13           ESTANCIA       50771760RECIFE         PE0000000000000000                                                                       
1040001300017P 0101584925163200000000000140023553037003601122000002040963    1203202400000000000619400000099N1103202411303202400000000000002000000000000000000000000000000000000000000000000000000000002040963              3001029090000000000 
1040001300018Q 011000063359294491EDIMILSON GOMES DA SILVA JUNIOR         RUA MAURICIO DE NASSAU, Nº 13           ESTANCIA       50771760RECIFE         PE0000000000000000                                                                       
1040001300019P 0101584925163200000000000140025049032004551122000002041032    1303202400000000000349800000099N1103202411403202400000000000001200000000000000000000000000000000000000000000000000000000002041032              3001029090000000000 
1040001300020Q 011000066941237449CACILDA CABRAL DA SILVA                 3ª TRAVESSA MARAGOGIPE, Nº118           TEJIPIO/J.SÃO P50920110RECIFE         PE0000000000000000                                                                       
1040001300021P 0101584925163200000000000140027556015000461122000001881197    1203202400000000000323700000099N1103202411303202400000000000001100000000000000000000000000000000000000000000000000000000001881197              3001029090000000000 
1040001300022Q 011000002406770486MARINALVA VICENTE DA SILVA              RUA ASA BRANCA Nº 38                    COHAB (LAGOA EN51320640RECIFE         PE0000000000000000                                                                       
1040001300023P 0101584925163200000000000140028961014004961122000002001610    1203202400000000000412100000099N1103202411303202400000000000001400000000000000000000000000000000000000000000000000000000002001610              3001029090000000000 
1040001300024Q 011000049265660449MARCIO BERNARDINO DO VALE               2A TRAVESSA NOVA DESCOBERTA, N° 56      PRAZERES       54325292JABOATAO DOS GUPE0000000000000000                                                                       
1040001300025P 0101584925163200000000000140028961015004821122000002034285    1203202400000000000362000000099N1103202411303202400000000000001200000000000000000000000000000000000000000000000000000000002034285              3001029090000000000 
1040001300026Q 011000049265660449MARCIO BERNARDINO DO VALE               2A TRAVESSA NOVA DESCOBERTA, N° 56      PRAZERES       54325292JABOATAO DOS GUPE0000000000000000                                                                       
1040001300027P 0101584925163200000000000140028961016005091122000002058142    1203202400000000000346900000099N1103202411303202400000000000001100000000000000000000000000000000000000000000000000000000002058142              3001029090000000000 
1040001300028Q 011000049265660449MARCIO BERNARDINO DO VALE               2A TRAVESSA NOVA DESCOBERTA, N° 56      PRAZERES       54325292JABOATAO DOS GUPE0000000000000000                                                                       
10400015         000030000014000000000000644580000000000000000000000000000000000000000000000                                                                                                                                                    
10499999         000001000032                                                                                                                                                                                                                   
