10400000         2124574840001810000000000000000000001584925163200000000MEGA - CAIXA ECONOMICA        CAIXA ECONOMICA FEDERAL                 11103202415343500391005000000                    REMESSA-PRODUCAO                                 
10400011R0100030 20124574840001812516320000000000000001584925163200000000MEGA - CAIXA ECONOMICA                                                                                        000039101103202400000000                                 
1040001300001P 0101584925163200000000000140001034144005461122000002044426    1203202400000000000525600000099N1103202411303202400000000000001700000000000000000000000000000000000000000000000000000000002044426              3001029090000000000 
1040001300002Q 011000004654626425ILMA MARIA DA SILVA                     RUA HONORATO FERNANDES DA PAZ N 95      JANGA          53435560PAULISTA       PE0000000000000000                                                                       
1040001300003P 0101584925163200000000000140003506134011131122000002090031    1004202400000000000651600000099N1103202411104202400000000000002200000000000000000000000000000000000000000000000000000000002090031              3001029090000000000 
1040001300004Q 011000009834920423JULIANE CINTHIA SILVA DIAS BEZERRA      RUA CAPITAO WALDIR DE MELO, Nº 28       UR- 02 IBURA / 51340420RECIFE         PE0000000000000000                                                                       
1040001300005P 0101584925163200000000000140004098129001211122000001805525    1203202400000000000483100000099N1103202411303202400000000000001600000000000000000000000000000000000000000000000000000000001805525              3001029090000000000 
1040001300006Q 011000078185734453JOSE ANDRELINO DA SILVA                 RUA- NOSSA SENHORA DO ROSARIO Nº190     CAJUEIRO SECO/T54330515JABOATAO DOS GUPE0000000000000000                                                                       
1040001300007P 0101584925163200000000000140005915117014791122000002045872    1203202400000000000477500000099N1103202411303202400000000000001600000000000000000000000000000000000000000000000000000000002045872              3001029090000000000 
1040001300008Q 011000007446520493IVONETE MARIA DA SILVA LIMA             RUA CAMPO DO BANGU, Nº 77 B             IMBIRIBEIRA    50050913RECIFE         PE0000000000000000                                                                       
1040001300009P 0101584925163200000000000140007087098002001122000002036147    1203202400000000000694600000099N1103202411303202400000000000002300000000000000000000000000000000000000000000000000000000002036147              3001029090000000000 
1040001300010Q 011000074148176449VERA LUCIA SOARES DA SILVA              RUA MARIAPOLIS Nº 122                   AFOGADOS       50770640RECIFE         PE0000000000000000                                                                       
1040001300011P 0101584925163200000000000140007468104002901122000002012974    1203202400000000000592300000099N1103202411303202400000000000002000000000000000000000000000000000000000000000000000000000002012974              3001029090000000000 
1040001300012Q 011000041764269420ELENILDA MARIA DA SILVA                 RUA LISBOA Nº98 BECO                    IMBIRIBEIRA    50050913RECIFE         PE0000000000000000                                                                       
1040001300013P 0101584925163200000000000140007468105003671122000002036183    1203202400000000000566300000099N1103202411303202400000000000001900000000000000000000000000000000000000000000000000000000002036183              3001029090000000000 
1040001300014Q 011000041764269420ELENILDA MARIA DA SILVA                 RUA LISBOA Nº98 BECO                    IMBIRIBEIRA    50050913RECIFE         PE0000000000000000                                                                       
1040001300015P 0101584925163200000000000140012107089005911122000002018651    1203202400000000000727800000099N1103202411303202400000000000002400000000000000000000000000000000000000000000000000000000002018651              3001029090000000000 
1040001300016Q 011000003497969478SERGIO FIRMINO DE SOUZA                 RUA COCAL Nº02                          COQUEIRAL      50791112RECIFE         PE0000000000000000                                                                       
1040001300017P 0101584925163200000000000140012107090004621122000002042773    1203202400000000000686000000099N1103202411303202400000000000002300000000000000000000000000000000000000000000000000000000002042773              3001029090000000000 
1040001300018Q 011000003497969478SERGIO FIRMINO DE SOUZA                 RUA COCAL Nº02                          COQUEIRAL      50791112RECIFE         PE0000000000000000                                                                       
1040001300019P 0101584925163200000000000140012748087002991122000002013455    1203202400000000000630800000099N1103202411303202400000000000002100000000000000000000000000000000000000000000000000000000002013455              3001029090000000000 
1040001300020Q 011000073464279472ROSEMERI LUZIA DA CONCEIÇÃO COSTA       RUA GUAIVIRA Nº 23                      DOIS CARNEIROS 54280543JABOATAO DOS GUPE0000000000000000                                                                       
1040001300021P 0101584925163200000000000140012748088002691122000002036642    1203202400000000000603300000099N1103202411303202400000000000002000000000000000000000000000000000000000000000000000000000002036642              3001029090000000000 
1040001300022Q 011000073464279472ROSEMERI LUZIA DA CONCEIÇÃO COSTA       RUA GUAIVIRA Nº 23                      DOIS CARNEIROS 54280543JABOATAO DOS GUPE0000000000000000                                                                       
1040001300023P 0101584925163200000000000140014867078005611122000002033500    1203202400000000000442000000099N1103202411303202400000000000001500000000000000000000000000000000000000000000000000000000002033500              3001029090000000000 
1040001300024Q 011000002067848488ABEL PEDROSA E SILVA                    RUA DOUTOR OTAVIO DE MORAES VASCONCELOS,COHAB          51320030RECIFE         PE0000000000000000                                                                       
1040001300025P 0101584925163200000000000140016824070001521122000002037072    1203202400000000000766000000099N1103202411303202400000000000002500000000000000000000000000000000000000000000000000000000002037072              3001029090000000000 
1040001300026Q 011000037502484434RAILDA FRANCISCA DA SILVA COUTINHO      RUA DO BAMBU, Nº 202                    VARZEA         50740100RECIFE         PE0000000000000000                                                                       
1040001300027P 0101584925163200000000000140017348067000571122000002037118    1203202400000000000437800000099N1103202411303202400000000000001400000000000000000000000000000000000000000000000000000000002037118              3001029090000000000 
1040001300028Q 011000049550241491NELMA MARIA DE BARROS                   RUA SANTA FÉ, Nº 724                    CAJUEIRO SECO  54330675JABOATAO DOS GUPE0000000000000000                                                                       
1040001300029P 0101584925163200000000000140017540065003681122000002014122    1203202400000000000457700000099N1103202411303202400000000000001500000000000000000000000000000000000000000000000000000000002014122              3001029090000000000 
1040001300030Q 011000002484052413AURINEIDE GOMES FERRAZ                  RUA IBIRATINGA, Nº 69                   TRES CARNEIROS 51330230RECIFE         PE0000000000000000                                                                       
1040001300031P 0101584925163200000000000140017540066004781122000002037134    1203202400000000000437800000099N1103202411303202400000000000001400000000000000000000000000000000000000000000000000000000002037134              3001029090000000000 
1040001300032Q 011000002484052413AURINEIDE GOMES FERRAZ                  RUA IBIRATINGA, Nº 69                   TRES CARNEIROS 51330230RECIFE         PE0000000000000000                                                                       
1040001300033P 0101584925163200000000000140018195063000801122000002033880    1303202400000000000431000000099N1103202411403202400000000000001400000000000000000000000000000000000000000000000000000000002033880              3001029090000000000 
1040001300034Q 011000040116638753MARIA DO SOCORRO DA SILVA               RUA DA BOA HORA, Nº 125                 VARADOURO      53020110OLINDA         PE0000000000000000                                                                       
1040001300035P 0101584925163200000000000140018558058000731122000001974745    1203202400000000001509400000099N1103202411303202400000000000005000000000000000000000000000000000000000000000000000000000001974745              3001029090000000000 
1040001300036Q 011000080195768434CINTIA CRISTINA BATISTA                 RUA DOUTOR MIGUEL VIEIRA FERREIRA, Nº 14CORDEIRO       50721230RECIFE         PE0000000000000000                                                                       
1040001300037P 0101584925163200000000000140018558060000461122000002020539    1203202400000000001377500000099N1103202411303202400000000000004500000000000000000000000000000000000000000000000000000000002020539              3001029090000000000 
1040001300038Q 011000080195768434CINTIA CRISTINA BATISTA                 RUA DOUTOR MIGUEL VIEIRA FERREIRA, Nº 14CORDEIRO       50721230RECIFE         PE0000000000000000                                                                       
1040001300039P 0101584925163200000000000140018558061001481122000002044757    1203202400000000001423400000099N1103202411303202400000000000004700000000000000000000000000000000000000000000000000000000002044757              3001029090000000000 
1040001300040Q 011000080195768434CINTIA CRISTINA BATISTA                 RUA DOUTOR MIGUEL VIEIRA FERREIRA, Nº 14CORDEIRO       50721230RECIFE         PE0000000000000000                                                                       
1040001300041P 0101584925163200000000000140018604060012891122000002033901    1203202400000000001044700000099N1103202411303202400000000000003400000000000000000000000000000000000000000000000000000000002033901              3001029090000000000 
1040001300042Q 011000052193217491SANDRA RIBEIRO SOARES HENRIQUES         RUA SÃO SALVADOR  Nº 196                JARDIM JORDÃO  54320200JABOATÃO DOS GUPE0000000000000000                                                                       
1040001300043P 0101584925163200000000000140019664052004611122000001995377    1203202400000000001380400000099N1103202411303202400000000000004600000000000000000000000000000000000000000000000000000000001995377              3001029090000000000 
1040001300044Q 011000001008555479JOSEANE MARIA DE MOURA                  RUA EGITO, Nº 460                       SUCUPIRA       54280330JABOATÃO DOS GUPE0000000000000000                                                                       
1040001300045P 0101584925163200000000000140019681053005301122000002018939    1203202400000000196810000000099N1103202411303202400000000000649500000000000000000000000000000000000000000000000000000000002018939              3001029090000000000 
1040001300046Q 011000027047300406FRANCISCA JOAQUINA SANTOS DA SILVA      5ª TRAVESSA GONÇALVES DIAS, Nº 28       JARDIM JORDÃO  54320009JABOATÃO DOS GUPE0000000000000000                                                                       
1040001300047P 0101584925163200000000000140021634042000501122000002017687    1203202400000000000388200000099N1103202411303202400000000000001300000000000000000000000000000000000000000000000000000000002017687              3001029090000000000 
1040001300048Q 011000002803990490ANDREA SILVA DE SANTANA                 RUA SÃO SEBASTIÃO, Nº 1474 B            ÁGUA FRIA      52111230RECIFE         PE0000000000000000                                                                       
1040001300049P 0101584925163200000000000140021634043003901122000002044168    1203202400000000000372300000099N1103202411303202400000000000001200000000000000000000000000000000000000000000000000000000002044168              3001029090000000000 
1040001300050Q 011000002803990490ANDREA SILVA DE SANTANA                 RUA SÃO SEBASTIÃO, Nº 1474 B            ÁGUA FRIA      52111230RECIFE         PE0000000000000000                                                                       
1040001300051P 0101584925163200000000000140021710043001991122000002044919    1203202400000000000423100000099N1103202411303202400000000000001400000000000000000000000000000000000000000000000000000000002044919              3001029090000000000 
1040001300052Q 011000070733740472SANDRA MARIA DA SILVA SANTOS            AVENIDA ANDRE VIDAL DE NEGREIROS, Nº 270BARRO          51345720RECIFE         PE0000000000000000                                                                       
1040001300053P 0101584925163200000000000140021953040004301122000001981634    1203202400000000000408900000099N1103202411303202400000000000001300000000000000000000000000000000000000000000000000000000001981634              3001029090000000000 
1040001300054Q 011000029871638434JOSÉ LIRA LIMA                          RUA REGO MELO  Nº 18 B                  COELHOS        50060500RECIFE         PE0000000000000000                                                                       
1040001300055P 0101584925163200000000000140022592041004251122000002044965    1203202400000000000369600000099N1103202411303202400000000000001200000000000000000000000000000000000000000000000000000000002044965              3001029090000000000 
1040001300056Q 011000006106336431VANDERLANE BARBOSA DOS ANJOS            RUA VIDAL DE NEGREIROS  Nº 03  A        PRAZERES       54315155JABOATÃO DOS GUPE0000000000000000                                                                       
1040001300057P 0101584925163200000000000140022649039003031122000002014887    1203202400000000000501400000099N1103202411303202400000000000001700000000000000000000000000000000000000000000000000000000002014887              3001029090000000000 
1040001300058Q 011000008344335400DANIELA BENTO DO NASCIMENTO             1º TRAVESSA DOM EXPEDITO LOPES, Nº 523. JARDIM JORDAO  54315391JABOATAO DOS GUPE0000000000000000                                                                       
1040001300059P 0101584925163200000000000140022649040001951122000002037592    1203202400000000000470000000099N1103202411303202400000000000001600000000000000000000000000000000000000000000000000000000002037592              3001029090000000000 
1040001300060Q 011000008344335400DANIELA BENTO DO NASCIMENTO             1º TRAVESSA DOM EXPEDITO LOPES, Nº 523. JARDIM JORDAO  54315391JABOATAO DOS GUPE0000000000000000                                                                       
1040001300061P 0101584925163200000000000140022837040000581122000002044980    1203202400000000000459700000099N1103202411303202400000000000001500000000000000000000000000000000000000000000000000000000002044980              3001029090000000000 
1040001300062Q 011000002951641400NAYLA LIMA CARNEIRO LEÃO                RUA MAJOR-MEDICO VICENTE FONSECA DE MATOCANDEIAS       54440370JABOATAO DOS GUPE0000000000000000                                                                       
1040001300063P 0101584925163200000000000140025038029003051122000001969636    1203202400000000000393700000099N1103202411303202400000000000001300000000000000000000000000000000000000000000000000000000001969636              3001029090000000000 
1040001300064Q 011000004170874463VANI MARIA CORREIA DA SILVA             MAJOR CELSO DA CAMARA LIMA, Nº 162      PRAZERES       54330214JABOATAO DOS GUPE0000000000000000                                                                       
1040001300065P 0101584925163200000000000140025038031002991122000002015124    1203202400000000000362900000099N1103202411303202400000000000001200000000000000000000000000000000000000000000000000000000002015124              3001029090000000000 
1040001300066Q 011000004170874463VANI MARIA CORREIA DA SILVA             MAJOR CELSO DA CAMARA LIMA, Nº 162      PRAZERES       54330214JABOATAO DOS GUPE0000000000000000                                                                       
1040001300067P 0101584925163200000000000140025038032002341122000002041031    1203202400000000000347200000099N1103202411303202400000000000001100000000000000000000000000000000000000000000000000000000002041031              3001029090000000000 
1040001300068Q 011000004170874463VANI MARIA CORREIA DA SILVA             MAJOR CELSO DA CAMARA LIMA, Nº 162      PRAZERES       54330214JABOATAO DOS GUPE0000000000000000                                                                       
1040001300069P 0101584925163200000000000140025497030000371122000002043207    1203202400000000000342200000099N1103202411303202400000000000001100000000000000000000000000000000000000000000000000000000002043207              3001029090000000000 
1040001300070Q 011000009063787456JOCILENE BARBOSA DA SILVA LIMA          RUA JOAO FRAGOSO DE MEDEIROS  Nº 26 A   CANDEIAS       54430131JABOATÃO DOS GUPE0000000000000000                                                                       
1040001300071P 0101584925163200000000000140025779028003651122000002035000    1203202400000000000352800000099N1103202411303202400000000000001200000000000000000000000000000000000000000000000000000000002035000              3001029090000000000 
1040001300072Q 011000082173931415MARIA JOSÉ BISPO DA SILVA               RUA ANANIAS CATANHO   Nº 427            TOTÓ           50791557RECIFE         PE0000000000000000                                                                       
1040001300073P 0101584925163200000000000140025779029002621122000002058363    1203202400000000000338200000099N1103202411303202400000000000001100000000000000000000000000000000000000000000000000000000002058363              3001029090000000000 
1040001300074Q 011000082173931415MARIA JOSÉ BISPO DA SILVA               RUA ANANIAS CATANHO   Nº 427            TOTÓ           50791557RECIFE         PE0000000000000000                                                                       
1040001300075P 0101584925163200000000000140026203024003001122000001954422    1203202400000000000422900000099N1103202411303202400000000000001400000000000000000000000000000000000000000000000000000000001954422              3001029090000000000 
1040001300076Q 011000062532820420YANNA BATISTA DE AZEVEDO SOUZA          ESTRADA VELHADA USINA  Nº 433   QUADRA 0MURIBEQUINHA   54090465JABOATÃO DOS GUPE0000000000000000                                                                       
1040001300077P 0101584925163200000000000140026731025003791122000002017911    1203202400000000000360400000099N1103202411303202400000000000001200000000000000000000000000000000000000000000000000000000002017911              3001029090000000000 
1040001300078Q 011000002664310461SIMONE TAVARES DE SOUZA MELO            AV. MÉXICO, Nº 59                       RIO DOCE       53419090OLINDA         PE0000000000000000                                                                       
1040001300079P 0101584925163200000000000140026731026002841122000002041147    1203202400000000000344700000099N1103202411303202400000000000001100000000000000000000000000000000000000000000000000000000002041147              3001029090000000000 
1040001300080Q 011000002664310461SIMONE TAVARES DE SOUZA MELO            AV. MÉXICO, Nº 59                       RIO DOCE       53419090OLINDA         PE0000000000000000                                                                       
1040001300081P 0101584925163200000000000140026816025001231122000002039297    1203202400000000000349800000099N1103202411303202400000000000001200000000000000000000000000000000000000000000000000000000002039297              3001029090000000000 
1040001300082Q 011000005149280429JOSEANE TEIXEIRA DE LIMA                4ª TRAVESSA DOUTOR FABIO MARANHAO, Nº 10GUARARAPES     54325251JABOATAO DOS GUPE0000000000000000                                                                       
1040001300083P 0101584925163200000000000140028567015000691122000001998298    1203202400000000000380600000099N1103202411303202400000000000001300000000000000000000000000000000000000000000000000000000001998298              3001029090000000000 
1040001300084Q 011000070400037408ELISÂNGELA FELIX DA SILVA               RUA DA PINHA, Nº 17                     SUCUPIRA       54280520JABOATÃO DOS GUPE0000000000000000                                                                       
1040001300085P 0101584925163200000000000140028567016004621122000002020866    1203202400000000000364500000099N1103202411303202400000000000001200000000000000000000000000000000000000000000000000000000002020866              3001029090000000000 
1040001300086Q 011000070400037408ELISÂNGELA FELIX DA SILVA               RUA DA PINHA, Nº 17                     SUCUPIRA       54280520JABOATÃO DOS GUPE0000000000000000                                                                       
1040001300087P 0101584925163200000000000140028567017000091122000002045206    1203202400000000000348500000099N1103202411303202400000000000001200000000000000000000000000000000000000000000000000000000002045206              3001029090000000000 
1040001300088Q 011000070400037408ELISÂNGELA FELIX DA SILVA               RUA DA PINHA, Nº 17                     SUCUPIRA       54280520JABOATÃO DOS GUPE0000000000000000                                                                       
1040001300089P 0101584925163200000000000140029800010004961122000001994324    1203202400000000000413500000099N1103202411303202400000000000001400000000000000000000000000000000000000000000000000000000001994324              3001029090000000000 
1040001300090Q 011000033700389434JOSEFA FRANCISCA DE SOUSA               RUA NOSSA SENHORA DOS PRAZERES, N° 139  JARDIM JORDÃO  54320622JABOATÃO DOS GUPE0000000000000000                                                                       
1040001300091P 0101584925163200000000000140030261009005611122000002041568    1203202400000000000493900000099N1103202411303202400000000000001600000000000000000000000000000000000000000000000000000000002041568              3001029090000000000 
1040001300092Q 011000006765808400ROSILEIDE DA SILVA NASCIMENTO           RUA ARABAIANA, Nº 09                    BRASILIA TEIMOS51010200RECIFE         PE0000000000000000                                                                       
1040001300093P 0101584925163200000000000140030449008000121122000002035211    1203202400000000000770000000099N1103202411303202400000000000002500000000000000000000000000000000000000000000000000000000002035211              3001029090000000000 
1040001300094Q 011000005546159405LAUDECI SEVERINA DA SILVA               RUA DEZESSEIS, N° 95                    CURADO I       54240160JABOATAO DOS GUPE0000000000000000                                                                       
1040001300095P 0101584925163200000000000140030449009002971122000002062317    1203202400000000000737500000099N1103202411303202400000000000002400000000000000000000000000000000000000000000000000000000002062317              3001029090000000000 
1040001300096Q 011000005546159405LAUDECI SEVERINA DA SILVA               RUA DEZESSEIS, N° 95                    CURADO I       54240160JABOATAO DOS GUPE0000000000000000                                                                       
1040001300097P 0101584925163200000000000140030710007001081122000002042123    1203202400000000000335100000099N1103202411303202400000000000001100000000000000000000000000000000000000000000000000000000002042123              3001029090000000000 
1040001300098Q 011000089995848449MONICA SERAFIM DA SILVA                 RUA DUQUE DE CAXIAS, Nº 209             ABC            54800000MORENO         PE0000000000000000                                                                       
1040001300099P 0101584925163200000000000140030785005003771122000001996211    1203202400000000000837000000099N1103202411303202400000000000002800000000000000000000000000000000000000000000000000000000001996211              3001029090000000000 
1040001300100Q 011000046405623491VERA LUCIA DOS SANTOS                   RUA ANAGÉ, N° 120                       JARDIM SAO PAUL50920220RECIFE         PE0000000000000000                                                                       
1040001300101P 0101584925163200000000000140030785006003711122000002016199    1203202400000000000802300000099N1103202411303202400000000000002600000000000000000000000000000000000000000000000000000000002016199              3001029090000000000 
1040001300102Q 011000046405623491VERA LUCIA DOS SANTOS                   RUA ANAGÉ, N° 120                       JARDIM SAO PAUL50920220RECIFE         PE0000000000000000                                                                       
1040001300103P 0101584925163200000000000140030785007004811122000002042137    1203202400000000000757700000099N1103202411303202400000000000002500000000000000000000000000000000000000000000000000000000002042137              3001029090000000000 
1040001300104Q 011000046405623491VERA LUCIA DOS SANTOS                   RUA ANAGÉ, N° 120                       JARDIM SAO PAUL50920220RECIFE         PE0000000000000000                                                                       
1040001300105P 0101584925163200000000000140031854002005241122000002019583    1203202400000000000505400000099N1103202411303202400000000000001700000000000000000000000000000000000000000000000000000000002019583              3001029090000000000 
1040001300106Q 011000004726346407DIONE MARIA ALVES                       RUA PADRE NOBREGA, N° 63                JARDIM JORDAO  54320290JABOATAO DOS GUPE0000000000000000                                                                       
1040001300107P 0101584925163200000000000140031854003004801122000002043523    1203202400000000000483100000099N1103202411303202400000000000001600000000000000000000000000000000000000000000000000000000002043523              3001029090000000000 
1040001300108Q 011000004726346407DIONE MARIA ALVES                       RUA PADRE NOBREGA, N° 63                JARDIM JORDAO  54320290JABOATAO DOS GUPE0000000000000000                                                                       
1040001300109P 0101584925163200000000000140032495001002111122000002090032    0504202400000000000339000000099N1103202410604202400000000000001100000000000000000000000000000000000000000000000000000000002090032              3001029090000000000 
1040001300110Q 011000002714498450ROSICLEIDE BARBOSA DAMASCENA            ESTRADA DO BONGI, Nº 1361               PRADO          50830260RECIFE         PE0000000000000000                                                                       
1040001300111P 0101584925163200000000000140032498001000711122000002080944    1004202400000000000339000000099N1103202411104202400000000000001100000000000000000000000000000000000000000000000000000000002080944              3001029090000000000 
1040001300112Q 011000018717748453JOSÉ MARCOS FERREIRA DE ASSIS           RUA FLORESTAL, Nº 360                   JORDAO BAIXO   51250210RECIFE         PE0000000000000000                                                                       
1040001300113P 0101584925163200000000000140032504001000001122000002090033    1004202400000000000339000000099N1103202411104202400000000000001100000000000000000000000000000000000000000000000000000000002090033              3001029090000000000 
1040001300114Q 011000005094180401LUZIA DA SILVA MENDES                   RUA NOVA, Nº 05                         SANTANA        54160463JABOATÃO DOS GUPE0000000000000000                                                                       
1040001300115P 0101584925163200000000000140032505001001421122000002090034    1004202400000000000339000000099N1103202411104202400000000000001100000000000000000000000000000000000000000000000000000000002090034              3001029090000000000 
1040001300116Q 011000007994449441DEBORA BORBA CANDIDO                    RUA ALEXANDRINA, Nª 670                 BREJO DA GUABIR52291240RECIFE         PE0000000000000000                                                                       
1040001300117P 0101584925163200000000000140032506001004461122000002090035    0504202400000000000339000000099N1103202410604202400000000000001100000000000000000000000000000000000000000000000000000000002090035              3001029090000000000 
1040001300118Q 011000009908483455EDVONEIDE VIEIRA DA SILVA               1ª TRAVESSA DO FUTURO, Nº 20            VILA RICA      54100456JABOATÃO DOS GUPE0000000000000000                                                                       
1040001300119P 0101584925163200000000000140032507001000221122000002090036    1004202400000000000339000000099N1103202411104202400000000000001100000000000000000000000000000000000000000000000000000000002090036              3001029090000000000 
1040001300120Q 011000029650375864GILSON JOSÉ DOS SANTOS                  RUA DA PEDRA, Nº 20                     SOCORRO        54160685JABOATÃO DOS GUPE0000000000000000                                                                       
1040001300121P 0101584925163200000000000140032508001001211122000002090037    1004202400000000000699000000099N1103202411104202400000000000002300000000000000000000000000000000000000000000000000000000002090037              3001029090000000000 
1040001300122Q 011000012078102407SHEENA KELLY BIGIO DA SILVA             RUA GETULIO VARGAS, Nº 71               ENGENHO VELHO  54150680JABOATAO DOS GUPE0000000000000000                                                                       
1040001300123P 0101584925163200000000000140032509001005901122000002090038    1504202400000000000449000000099N1103202411604202400000000000001500000000000000000000000000000000000000000000000000000000002090038              3001029090000000000 
1040001300124Q 011000043389775404CLODOALDO FERREIRA DE ARAUJO            RUA CAMPO REAL, Nº 244 CASA 03          BARRA DE JANGAD54470070JABOATAO DOS GUPE0000000000000000                                                                       
10400015         000126000062000000000023057570000000000000000000000000000000000000000000000                                                                                                                                                    
10499999         000001000128                                                                                                                                                                                                                   
