10400000         2124574840001810000000000000000000001584925163200000000MEGA - CAIXA ECONOMICA        CAIXA ECONOMICA FEDERAL                 11502202418070600383205000000                    REMESSA-PRODUCAO                                 
10400011R0100030 20124574840001812516320000000000000001584925163200000000MEGA - CAIXA ECONOMICA                                                                                        000038321502202400000000                                 
1040001300001P 0101584925163200000000000140000627145005021122000002016792    1702202400000000000556600000099N1502202411802202400000000000001800000000000000000000000000000000000000000000000000000000002016792              3001029090000000000 
1040001300002Q 011000091893879453ADRIANA MATIAS GOMES DA SILVA           2ª TRAV LIBANO N-53                     AGUAZINHA      53260223OLINDA         PE0000000000000000                                                                       
1040001300003P 0101584925163200000000000140000769142001971122000001799204    1602202400000000000853100000099N1502202411702202400000000000002800000000000000000000000000000000000000000000000000000000001799204              3001029090000000000 
1040001300004Q 011000003433549427CLAUDIA MARIA DA SILVA                  RUA DOUTOR LUIS RIBEIRO(RUA ACAUAN) N°39JATOBA         53250550OLINDA         PE0000000000000000                                                                       
1040001300005P 0101584925163200000000000140000769143002051122000001799205    1602202400000000000818200000099N1502202411702202400000000000002700000000000000000000000000000000000000000000000000000000001799205              3001029090000000000 
1040001300006Q 011000003433549427CLAUDIA MARIA DA SILVA                  RUA DOUTOR LUIS RIBEIRO(RUA ACAUAN) N°39JATOBA         53250550OLINDA         PE0000000000000000                                                                       
1040001300007P 0101584925163200000000000140000769144002501122000001799206    1602202400000000000782200000099N1502202411702202400000000000002600000000000000000000000000000000000000000000000000000000001799206              3001029090000000000 
1040001300008Q 011000003433549427CLAUDIA MARIA DA SILVA                  RUA DOUTOR LUIS RIBEIRO(RUA ACAUAN) N°39JATOBA         53250550OLINDA         PE0000000000000000                                                                       
1040001300009P 0101584925163200000000000140001915138000701122000002016798    1602202400000000000519700000099N1502202411702202400000000000001700000000000000000000000000000000000000000000000000000000002016798              3001029090000000000 
1040001300010Q 011000044911297468JOSELITO JOAQUIM DA SILVA               RUA DO POETA                            ENCEADA DOS COR54500990CABO SANTO AGOSPE0000000000000000                                                                       
1040001300011P 0101584925163200000000000140005488116003261122000001808234    1602202400000000000507000000099N1502202411702202400000000000001700000000000000000000000000000000000000000000000000000000001808234              3001029090000000000 
1040001300012Q 011000002223194451ROSANGELA MARIA DA SILVA                RUA ALTO BRASIL , N º 580               ALTO JOSE BONIF52080050RECIFE         PE0000000000000000                                                                       
1040001300013P 0101584925163200000000000140005488118005891122000001808236    1602202400000000000467700000099N1502202411702202400000000000001500000000000000000000000000000000000000000000000000000000001808236              3001029090000000000 
1040001300014Q 011000002223194451ROSANGELA MARIA DA SILVA                RUA ALTO BRASIL , N º 580               ALTO JOSE BONIF52080050RECIFE         PE0000000000000000                                                                       
1040001300015P 0101584925163200000000000140005792117004781122000002016899    1602202400000000000486800000099N1502202411702202400000000000001600000000000000000000000000000000000000000000000000000000002016899              3001029090000000000 
1040001300016Q 011000041669010449ZENILDA MARIA DA SILVA                  RUA GETULIO VARGAS N° 840               CAJUEIRO SECO  54330700JABOATAO DOS GUPE0000000000000000                                                                       
1040001300017P 0101584925163200000000000140007157104003791122000001979807    1602202400000000000717900000099N1502202411702202400000000000002400000000000000000000000000000000000000000000000000000000001979807              3001029090000000000 
1040001300018Q 011000016567188472ERIVALDO DORNELAS DOS SANTOS            RUA MARQUÊS DE MARICÁ, 12, EDF. MIRAFLORTORRE          50711120RECIFE         PE0000000000000000                                                                       
1040001300019P 0101584925163200000000000140007157105005351122000002012942    1602202400000000000677200000099N1502202411702202400000000000002200000000000000000000000000000000000000000000000000000000002012942              3001029090000000000 
1040001300020Q 011000016567188472ERIVALDO DORNELAS DOS SANTOS            RUA MARQUÊS DE MARICÁ, 12, EDF. MIRAFLORTORRE          50711120RECIFE         PE0000000000000000                                                                       
1040001300021P 0101584925163200000000000140007667102002691122000001975941    1602202400000000000541800000099N1502202411702202400000000000001800000000000000000000000000000000000000000000000000000000001975941              3001029090000000000 
1040001300022Q 011000006386329430CELIA ALBERTINO DE ANDRADE NOVAIS       RUA JANGADEIRO, DO Nº 213               DOM HELDER     54430315JABOATAO DOS GUPE0000000000000000                                                                       
1040001300023P 0101584925163200000000000140007667104003221122000002032803    1602202400000000000496400000099N1502202411702202400000000000001600000000000000000000000000000000000000000000000000000000002032803              3001029090000000000 
1040001300024Q 011000006386329430CELIA ALBERTINO DE ANDRADE NOVAIS       RUA JANGADEIRO, DO Nº 213               DOM HELDER     54430315JABOATAO DOS GUPE0000000000000000                                                                       
1040001300025P 0101584925163200000000000140009221095000251122000001948171    1602202400000000000474900000099N1502202411702202400000000000001600000000000000000000000000000000000000000000000000000000001948171              3001029090000000000 
1040001300026Q 011000047600470420ANA MARIA SANTANA DE MELO               RUA SEIS VILA SOCIAL Nº 57 A            CAJUEIRO SECO  54330070JABOATAO DOS GUPE0000000000000000                                                                       
1040001300027P 0101584925163200000000000140009221096001431122000001971598    1602202400000000000456000000099N1502202411702202400000000000001500000000000000000000000000000000000000000000000000000000001971598              3001029090000000000 
1040001300028Q 011000047600470420ANA MARIA SANTANA DE MELO               RUA SEIS VILA SOCIAL Nº 57 A            CAJUEIRO SECO  54330070JABOATAO DOS GUPE0000000000000000                                                                       
1040001300029P 0101584925163200000000000140009221098002661122000002017063    1602202400000000000452600000099N1502202411702202400000000000001500000000000000000000000000000000000000000000000000000000002017063              3001029090000000000 
1040001300030Q 011000047600470420ANA MARIA SANTANA DE MELO               RUA SEIS VILA SOCIAL Nº 57 A            CAJUEIRO SECO  54330070JABOATAO DOS GUPE0000000000000000                                                                       
1040001300031P 0101584925163200000000000140009723097002611122000002001224    1702202400000000000459200000099N1502202411802202400000000000001500000000000000000000000000000000000000000000000000000000002001224              3001029090000000000 
1040001300032Q 011000007060010440JERUSA SEVERINA GOMES DA SILVA          RUA SÃO PAULO Nº 22                     JARDIM QUITANDI54160690JABOATÃO DOS GUPE0000000000000000                                                                       
1040001300033P 0101584925163200000000000140011252091005241122000002013303    1602202400000000000544600000099N1502202411702202400000000000001800000000000000000000000000000000000000000000000000000000002013303              3001029090000000000 
1040001300034Q 011000047294299404ROBERTA MARCIA DA CUNHA BATISTA         RUA SANTO ANDRÉ   Nº 16                 CAJUEIRO SECO  54330350JABOATÃO DOS GUPE0000000000000000                                                                       
1040001300035P 0101584925163200000000000140012107089002731122000002018651    1602202400000000000692100000099N1502202411702202400000000000002300000000000000000000000000000000000000000000000000000000002018651              3001029090000000000 
1040001300036Q 011000003497969478SERGIO FIRMINO DE SOUZA                 RUA COCAL Nº02                          COQUEIRAL      50791112RECIFE         PE0000000000000000                                                                       
1040001300037P 0101584925163200000000000140012449085000281122000001945319    1602202400000000000604900000099N1502202411702202400000000000002000000000000000000000000000000000000000000000000000000000001945319              3001029090000000000 
1040001300038Q 011000005024531418VANEZIA VANDERLEI DE SOUZA              2º TRAVESSA CHAFARIZ, Nº 01.            ALTO JOSE DO PI52210331RECIFE         PE0000000000000000                                                                       
1040001300039P 0101584925163200000000000140012449086003081122000001968344    1602202400000000000580900000099N1502202411702202400000000000001900000000000000000000000000000000000000000000000000000000001968344              3001029090000000000 
1040001300040Q 011000005024531418VANEZIA VANDERLEI DE SOUZA              2º TRAVESSA CHAFARIZ, Nº 01.            ALTO JOSE DO PI52210331RECIFE         PE0000000000000000                                                                       
1040001300041P 0101584925163200000000000140012449087003021122000001980274    1602202400000000000557600000099N1502202411702202400000000000001800000000000000000000000000000000000000000000000000000000001980274              3001029090000000000 
1040001300042Q 011000005024531418VANEZIA VANDERLEI DE SOUZA              2º TRAVESSA CHAFARIZ, Nº 01.            ALTO JOSE DO PI52210331RECIFE         PE0000000000000000                                                                       
1040001300043P 0101584925163200000000000140012449088001101122000002013410    1602202400000000000533500000099N1502202411702202400000000000001800000000000000000000000000000000000000000000000000000000002013410              3001029090000000000 
1040001300044Q 011000005024531418VANEZIA VANDERLEI DE SOUZA              2º TRAVESSA CHAFARIZ, Nº 01.            ALTO JOSE DO PI52210331RECIFE         PE0000000000000000                                                                       
1040001300045P 0101584925163200000000000140014835078002451122000002033497    1602202400000000000432700000099N1502202411702202400000000000001400000000000000000000000000000000000000000000000000000000002033497              3001029090000000000 
1040001300046Q 011000006251084421MIRIAM FRANCISCO DE AQUINO MENDONÇA     RUA- JUSCELANDIA, Nº 84                 SAN MARTIN     50761140RECIFE         PE0000000000000000                                                                       
1040001300047P 0101584925163200000000000140015305075001231122000001995033    1602202400000000000513500000099N1502202411702202400000000000001700000000000000000000000000000000000000000000000000000000001995033              3001029090000000000 
1040001300048Q 011000096179341400CLOTILDE LUIZA DA SILVA                 MARIA SEBASTIANA DA SILVA Nº31          SOCORRO / SUCUP54170500JABOATAO DOS GUPE0000000000000000                                                                       
1040001300049P 0101584925163200000000000140015305076001441122000002017314    1602202400000000000491200000099N1502202411702202400000000000001600000000000000000000000000000000000000000000000000000000002017314              3001029090000000000 
1040001300050Q 011000096179341400CLOTILDE LUIZA DA SILVA                 MARIA SEBASTIANA DA SILVA Nº31          SOCORRO / SUCUP54170500JABOATAO DOS GUPE0000000000000000                                                                       
1040001300051P 0101584925163200000000000140015336076003961122000002013818    1702202400000000000442600000099N1502202411802202400000000000001500000000000000000000000000000000000000000000000000000000002013818              3001029090000000000 
1040001300052Q 011000047062711420DENILMA JORGE FERREIRA DA SILVA         RUA SIQUEIRA CAMPOS Nº95                UR-02/IBURA /CO51345400RECIFE         PE0000000000000000                                                                       
1040001300053P 0101584925163200000000000140015750074003241122000002013882    1602202400000000000442600000099N1502202411702202400000000000001500000000000000000000000000000000000000000000000000000000002013882              3001029090000000000 
1040001300054Q 011000055865445472SUELI CALIXTO BORGES                    RUA UM,  Nº 38 - A                      ALTO DOIS CARNE54280770JABOATAO DOS GUPE0000000000000000                                                                       
1040001300055P 0101584925163200000000000140017278067000031122000002033756    1602202400000000000497700000099N1502202411702202400000000000001600000000000000000000000000000000000000000000000000000000002033756              3001029090000000000 
1040001300056Q 011000006165682405JAQUELINE CONCEIÇAO DA SILVA            RUA TUBARANA, Nº 2100                   ZUMBI DO PACHEC54300263JABOATAO DOS GUPE0000000000000000                                                                       
1040001300057P 0101584925163200000000000140017578065002511122000002014131    1602202400000000000554100000099N1502202411702202400000000000001800000000000000000000000000000000000000000000000000000000002014131              3001029090000000000 
1040001300058Q 011000003299886460JUCINEIDE LIMA DA SILVA                 RUA ENGENHO POETA, Nº 121 A             CAXANGA        50800180RECIFE         PE0000000000000000                                                                       
1040001300059P 0101584925163200000000000140017842063002671122000001995226    1602202400000000000458300000099N1502202411702202400000000000001500000000000000000000000000000000000000000000000000000000001995226              3001029090000000000 
1040001300060Q 011000009935973433ADRIANA BARBOSA DA SILVA                RUA HEROINAS, Nº 15                     CAJUEIRO SECO  54330083JABOATAO DOS GUPE0000000000000000                                                                       
1040001300061P 0101584925163200000000000140017842064000751122000002017443    1602202400000000000438500000099N1502202411702202400000000000001400000000000000000000000000000000000000000000000000000000002017443              3001029090000000000 
1040001300062Q 011000009935973433ADRIANA BARBOSA DA SILVA                RUA HEROINAS, Nº 15                     CAJUEIRO SECO  54330083JABOATAO DOS GUPE0000000000000000                                                                       
1040001300063P 0101584925163200000000000140017882064003101122000002039767    1602202400000000000557700000099N1502202411702202400000000000001800000000000000000000000000000000000000000000000000000000002039767              3001029090000000000 
1040001300064Q 011000087938561487MARCOS ANTONIO DE LIMA DOS SANTOS       RUA MARAGOGIPE, Nº 438                  JARDIM SÃO PAUL50920110RECIFE         PE0000000000000000                                                                       
1040001300065P 0101584925163200000000000140018212061005091122000001976494    1602202400000000000467900000099N1502202411702202400000000000001500000000000000000000000000000000000000000000000000000000001976494              3001029090000000000 
1040001300066Q 011000004825867456RITA DE CASSIA GALDINO PEREIRA          1º TRAVESSA DA UNIAO, Nº 370            PIEDADE/LORETO 54420515JABOATAO DOS GUPE0000000000000000                                                                       
1040001300067P 0101584925163200000000000140018212062004651122000001999452    1602202400000000000448700000099N1502202411702202400000000000001500000000000000000000000000000000000000000000000000000000001999452              3001029090000000000 
1040001300068Q 011000004825867456RITA DE CASSIA GALDINO PEREIRA          1º TRAVESSA DA UNIAO, Nº 370            PIEDADE/LORETO 54420515JABOATAO DOS GUPE0000000000000000                                                                       
1040001300069P 0101584925163200000000000140018212063000791122000002035300    1602202400000000000428900000099N1502202411702202400000000000001400000000000000000000000000000000000000000000000000000000002035300              3001029090000000000 
1040001300070Q 011000004825867456RITA DE CASSIA GALDINO PEREIRA          1º TRAVESSA DA UNIAO, Nº 370            PIEDADE/LORETO 54420515JABOATAO DOS GUPE0000000000000000                                                                       
1040001300071P 0101584925163200000000000140019025057004941122000001999502    1602202400000000000520800000099N1502202411702202400000000000001700000000000000000000000000000000000000000000000000000000001999502              3001029090000000000 
1040001300072Q 011000025521195491MARIA DO CARMO BISPO DE SOUZA           RUA DANCING DAYS, Nº 80                 IMBIRIBEIRA    51180340RECIFE         PE0000000000000000                                                                       
1040001300073P 0101584925163200000000000140019147056000551122000002001467    1602202400000000000411700000099N1502202411702202400000000000001400000000000000000000000000000000000000000000000000000000002001467              3001029090000000000 
1040001300074Q 011000004392288404EROALDO SERAFIM SILVA FILHO             RUA SÃO FÉLIX, Nº 113                   GUARARAPES     54325280JABOATÃO DOS GUPE0000000000000000                                                                       
1040001300075P 0101584925163200000000000140019147057001141122000002033934    1602202400000000000393400000099N1502202411702202400000000000001300000000000000000000000000000000000000000000000000000000002033934              3001029090000000000 
1040001300076Q 011000004392288404EROALDO SERAFIM SILVA FILHO             RUA SÃO FÉLIX, Nº 113                   GUARARAPES     54325280JABOATÃO DOS GUPE0000000000000000                                                                       
1040001300077P 0101584925163200000000000140019439054001341122000002014430    1602202400000000000512600000099N1502202411702202400000000000001700000000000000000000000000000000000000000000000000000000002014430              3001029090000000000 
1040001300078Q 011000079319211434MARILENE BARBOSA DE FREITAS             RUA CÓRREGO DO EUCLIDES, Nº 1505        ALTO JOSÉ BONIF52080000RECIFE         PE0000000000000000                                                                       
1040001300079P 0101584925163200000000000140019612053003301122000002014462    1602202400000000000468100000099N1502202411702202400000000000001500000000000000000000000000000000000000000000000000000000002014462              3001029090000000000 
1040001300080Q 011000006245807417ROSINEIDE MARIA DA SILVA FERREIRA       RUA G, Nº 60                            ILHA JOANA BEZE50080715RECIFE         PE0000000000000000                                                                       
1040001300081P 0101584925163200000000000140022327038000131122000001979042    1602202400000000000518100000099N1502202411702202400000000000001700000000000000000000000000000000000000000000000000000000001979042              3001029090000000000 
1040001300082Q 011000069355630468SELMA MENDES DA SILVA                   RUA LINS DE ANDRADE   Nº 38             SOCORRO        54245140JABOATÃO DOS GUPE0000000000000000                                                                       
1040001300083P 0101584925163200000000000140022327040003041122000002034108    1602202400000000000465600000099N1502202411702202400000000000001500000000000000000000000000000000000000000000000000000000002034108              3001029090000000000 
1040001300084Q 011000069355630468SELMA MENDES DA SILVA                   RUA LINS DE ANDRADE   Nº 38             SOCORRO        54245140JABOATÃO DOS GUPE0000000000000000                                                                       
1040001300085P 0101584925163200000000000140022422039004821122000001976711    1702202400000000000410700000099N1502202411802202400000000000001400000000000000000000000000000000000000000000000000000000001976711              3001029090000000000 
1040001300086Q 011000000203272420JOSÉ FERNANDO PEREIRA                   RUA DO SOSSEGO, Nº 501 A                PRAZERES       54315510JABOATÃO DOS GUPE0000000000000000                                                                       
1040001300087P 0101584925163200000000000140022422040002051122000002011943    1702202400000000000384300000099N1502202411802202400000000000001300000000000000000000000000000000000000000000000000000000002011943              3001029090000000000 
1040001300088Q 011000000203272420JOSÉ FERNANDO PEREIRA                   RUA DO SOSSEGO, Nº 501 A                PRAZERES       54315510JABOATÃO DOS GUPE0000000000000000                                                                       
1040001300089P 0101584925163200000000000140022422041003231122000002034119    1702202400000000000367400000099N1502202411802202400000000000001200000000000000000000000000000000000000000000000000000000002034119              3001029090000000000 
1040001300090Q 011000000203272420JOSÉ FERNANDO PEREIRA                   RUA DO SOSSEGO, Nº 501 A                PRAZERES       54315510JABOATÃO DOS GUPE0000000000000000                                                                       
1040001300091P 0101584925163200000000000140023732036002641122000002034861    1602202400000000000337100000099N1502202411702202400000000000001100000000000000000000000000000000000000000000000000000000002034861              3001029090000000000 
1040001300092Q 011000004570518419JORGE FERNANDO DE LIMA VASCONCELOS JUNIORUA NENA FRANÇA  Nª 1089                VISTA ALEGRE   54080210JABOATÃO DOS GUPE0000000000000000                                                                       
1040001300093P 0101584925163200000000000140024552032001161122000001797245    1602202400000000000368300000099N1502202411702202400000000000001200000000000000000000000000000000000000000000000000000000001797245              3001029090000000000 
1040001300094Q 011000003421142475CASSIA DE PAULA ALVES SILVA             RUA HERMANO DE BARROS E SILVA  Nº 390   CANDEIAS       54430080JABOATÃO DOS GUPE0000000000000000                                                                       
1040001300095P 0101584925163200000000000140024552033001881122000001797246    1602202400000000000342700000099N1502202411702202400000000000001100000000000000000000000000000000000000000000000000000000001797246              3001029090000000000 
1040001300096Q 011000003421142475CASSIA DE PAULA ALVES SILVA             RUA HERMANO DE BARROS E SILVA  Nº 390   CANDEIAS       54430080JABOATÃO DOS GUPE0000000000000000                                                                       
1040001300097P 0101584925163200000000000140024775031002151122000001797926    1602202400000000000360900000099N1502202411702202400000000000001200000000000000000000000000000000000000000000000000000000001797926              3001029090000000000 
1040001300098Q 011000004473782441ROSIENE GOMES DOS SANTOS                RUA WALDEMIR TELLES, Nº 30              AREIAS         50780630RECIFE         PE0000000000000000                                                                       
1040001300099P 0101584925163200000000000140024775032001041122000001797927    1602202400000000000345200000099N1502202411702202400000000000001100000000000000000000000000000000000000000000000000000000001797927              3001029090000000000 
1040001300100Q 011000004473782441ROSIENE GOMES DOS SANTOS                RUA WALDEMIR TELLES, Nº 30              AREIAS         50780630RECIFE         PE0000000000000000                                                                       
1040001300101P 0101584925163200000000000140026264026003181122000002015341    1602202400000000000400800000099N1502202411702202400000000000001300000000000000000000000000000000000000000000000000000000002015341              3001029090000000000 
1040001300102Q 011000081922019453JANICE DIONISIO DE SANTANA              AVENIDA CÓRREGO DA BATALHA, Nº 353      GUARARAPES     54315400JABOATAO DOS GUPE0000000000000000                                                                       
1040001300103P 0101584925163200000000000140026591025004381122000002015408    1602202400000000000350300000099N1502202411702202400000000000001200000000000000000000000000000000000000000000000000000000002015408              3001029090000000000 
1040001300104Q 011000002223971440FRANCISCA DA SILVA MILANES              RUA SANTANOPOLIS, 29 A                  COHAB          51340231RECIFE         PE0000000000000000                                                                       
1040001300105P 0101584925163200000000000140026953025004891122000002037731    1602202400000000000397300000099N1502202411702202400000000000001300000000000000000000000000000000000000000000000000000000002037731              3001029090000000000 
1040001300106Q 011000032947755472CLOVIS FERNANDO DAMASCENO TAVARES       RUA JOAO FRAGOSO DE MEDEIROS, Nº 1471   CANDEIAS       54430250JABOATAO DOS GUPE0000000000000000                                                                       
1040001300107P 0101584925163200000000000140027445020002281122000001998249    1602202400000000000557000000099N1502202411702202400000000000001800000000000000000000000000000000000000000000000000000000001998249              3001029090000000000 
1040001300108Q 011000010020711433RAYANE MARIA DA SILVA SALES             GONCALVES LEDO Nº 42                    COHAB          51320560RECIFE         PE0000000000000000                                                                       
1040001300109P 0101584925163200000000000140027445021003461122000002020819    1602202400000000000496100000099N1502202411702202400000000000001600000000000000000000000000000000000000000000000000000000002020819              3001029090000000000 
1040001300110Q 011000010020711433RAYANE MARIA DA SILVA SALES             GONCALVES LEDO Nº 42                    COHAB          51320560RECIFE         PE0000000000000000                                                                       
1040001300111P 0101584925163200000000000140027510020000271122000002015579    1602202400000000000406000000099N1502202411702202400000000000001300000000000000000000000000000000000000000000000000000000002015579              3001029090000000000 
1040001300112Q 011000015210226824AMINADA OLIVEIRA DA SILVA DOS SANTOS    RUA PROFESSOR LOBO DE MIRANDA Nº 165    DOIS UNIDOS    52160070RECIFE         PE0000000000000000                                                                       
1040001300113P 0101584925163200000000000140027683019001991122000002015616    1602202400000000000359400000099N1502202411702202400000000000001200000000000000000000000000000000000000000000000000000000002015616              3001029090000000000 
1040001300114Q 011000004213492478WANESSA CONCEIÇÃO FERREIRA DA SILVA     AVENIDA RIO LARGO  Nº 43                COHAB          51345005RECIFE         PE0000000000000000                                                                       
1040001300115P 0101584925163200000000000140027964017001891122000001982869    1602202400000000000427200000099N1502202411702202400000000000001400000000000000000000000000000000000000000000000000000000001982869              3001029090000000000 
1040001300116Q 011000005465911409FERNANDA PEREIRA DA SILVA               RUA SANTA MARTINHA, Nº 88               ALTO DA COLINA 54260170JABOATÃO DOS GUPE0000000000000000                                                                       
1040001300117P 0101584925163200000000000140028072017001501122000001995900    1602202400000000000434200000099N1502202411702202400000000000001400000000000000000000000000000000000000000000000000000000001995900              3001029090000000000 
1040001300118Q 011000007186920470IVANILDA EDLEUZA DA SILVA TOBIAS        RUA TUNTUM, Nº 10                       JARDIM PRAZERES54340370JABOATAO DOS GUPE0000000000000000                                                                       
1040001300119P 0101584925163200000000000140028072018001381122000002015698    1602202400000000000406000000099N1502202411702202400000000000001300000000000000000000000000000000000000000000000000000000002015698              3001029090000000000 
1040001300120Q 011000007186920470IVANILDA EDLEUZA DA SILVA TOBIAS        RUA TUNTUM, Nº 10                       JARDIM PRAZERES54340370JABOATAO DOS GUPE0000000000000000                                                                       
1040001300121P 0101584925163200000000000140029075015005431122000002042009    1602202400000000000802400000099N1502202411702202400000000000002600000000000000000000000000000000000000000000000000000000002042009              3001029090000000000 
1040001300122Q 011000006110890413CARLOS ANDRÉ MELO DE LIMA               RUA IRACEMA, N° 2009                    SOCORRO        54150357JABOATÃO DOS GUPE0000000000000000                                                                       
1040001300123P 0101584925163200000000000140029294013005941122000002015885    1602202400000000000534600000099N1502202411702202400000000000001800000000000000000000000000000000000000000000000000000000002015885              3001029090000000000 
1040001300124Q 011000004280327459CLAUDETE ALEXANDRE DA SILVA             RUA JASPE, Nº 22                        IBURA          51230630RECIFE         PE0000000000000000                                                                       
1040001300125P 0101584925163200000000000140029790011005001122000002019354    1602202400000000000327900000099N1502202411702202400000000000001100000000000000000000000000000000000000000000000000000000002019354              3001029090000000000 
1040001300126Q 011000070419236490ALEXANDRE ALVES DA SILVA JUNIOR         RUA BELA VISTA, N° 465                  CAJUEIRO SECO  54330037JABOATAO DOS GUPE0000000000000000                                                                       
1040001300127P 0101584925163200000000000140030475007002281122000002016100    1602202400000000000378600000099N1502202411702202400000000000001200000000000000000000000000000000000000000000000000000000002016100              3001029090000000000 
1040001300128Q 011000002012110410JOSEANE GOUVEIA DA SILVA                RUA BEIRA RIO, N° 16                    DOM HELDER     54430284JABOATAO DOS GUPE0000000000000000                                                                       
1040001300129P 0101584925163200000000000140030475008003381122000002034901    1602202400000000000361800000099N1502202411702202400000000000001200000000000000000000000000000000000000000000000000000000002034901              3001029090000000000 
1040001300130Q 011000002012110410JOSEANE GOUVEIA DA SILVA                RUA BEIRA RIO, N° 16                    DOM HELDER     54430284JABOATAO DOS GUPE0000000000000000                                                                       
1040001300131P 0101584925163200000000000140030823005003551122000001983064    1602202400000000000392700000099N1502202411702202400000000000001300000000000000000000000000000000000000000000000000000000001983064              3001029090000000000 
1040001300132Q 011000005681536424VANESSA ELIZABETH DIAS DE ARRUDA        RUA FLORENCA,Nº 31 CASA TERREO          FUNDAO         52130050RECIFE         PE0000000000000000                                                                       
1040001300133P 0101584925163200000000000140030823006005461122000002016222    1602202400000000000375900000099N1502202411702202400000000000001200000000000000000000000000000000000000000000000000000000002016222              3001029090000000000 
1040001300134Q 011000005681536424VANESSA ELIZABETH DIAS DE ARRUDA        RUA FLORENCA,Nº 31 CASA TERREO          FUNDAO         52130050RECIFE         PE0000000000000000                                                                       
1040001300135P 0101584925163200000000000140030952005004951122000001998485    1602202400000000000384500000099N1502202411702202400000000000001300000000000000000000000000000000000000000000000000000000001998485              3001029090000000000 
1040001300136Q 011000086580833491EDNA MARIA DA SILVA                     RUA LEMOS TÔRRES  Nº 49  BLOCO B  AP 02 CASA FORTE     52060310RECIFE         PE0000000000000000                                                                       
1040001300137P 0101584925163200000000000140030952006000071122000002021045    1602202400000000000367700000099N1502202411702202400000000000001200000000000000000000000000000000000000000000000000000000002021045              3001029090000000000 
1040001300138Q 011000086580833491EDNA MARIA DA SILVA                     RUA LEMOS TÔRRES  Nº 49  BLOCO B  AP 02 CASA FORTE     52060310RECIFE         PE0000000000000000                                                                       
1040001300139P 0101584925163200000000000140030962006002341122000002035542    1702202400000000000365000000099N1502202411802202400000000000001200000000000000000000000000000000000000000000000000000000002035542              3001029090000000000 
1040001300140Q 011000001345238495SILVANIA MARIA DA CONCEIÇÃO             RUA SÃO LOURENÇO DA MATA, 77 A          MORRO DA CONCEI52280223RECIFE         PE0000000000000000                                                                       
1040001300141P 0101584925163200000000000140032088001000151122000002044114    1602202400000000000720000000099N1502202411702202400000000000002400000000000000000000000000000000000000000000000000000000002044114              3001029090000000000 
1040001300142Q 011000001618387405ANA LUCIA DA SILVA                      RUA 9, N° 265                           IPUTINGA       51150242RECIFE         PE0000000000000000                                                                       
10400015         000144000071000000000003440760000000000000000000000000000000000000000000000                                                                                                                                                    
10499999         000001000146                                                                                                                                                                                                                   
