10400000         2124574840001810000000000000000000001584925163200000000MEGA - CAIXA ECONOMICA        CAIXA ECONOMICA FEDERAL                 11906202412351400427005000000                    REMESSA-PRODUCAO                                 
10400011R0100030 20124574840001812516320000000000000001584925163200000000MEGA - CAIXA ECONOMICA                                                                                        000042701906202400000000                                 
1040001300001P 0101584925163200000000000140024068041011731122000002177416    1008202400000000000430100000099N2612202311108202400000000000001400000000000000000000000000000000000000000000000000000000002177416              3001029090000000000 
1040001300002Q 011000018500684453MARIA ADELAIDE GALVÃO                   RUA ANDARAI, Nº 403, AP 102             PIEDADE        54420100JABOATAO DOS GUPE0000000000000000                                                                       
1040001300003P 0101584925163200000000000140024068042011941122000002177417    1009202400000000000430100000099N2612202311109202400000000000001400000000000000000000000000000000000000000000000000000000002177417              3001029090000000000 
1040001300004Q 011000018500684453MARIA ADELAIDE GALVÃO                   RUA ANDARAI, Nº 403, AP 102             PIEDADE        54420100JABOATAO DOS GUPE0000000000000000                                                                       
10400015         000006000002000000000000086020000000000000000000000000000000000000000000000                                                                                                                                                    
10499999         000001000008                                                                                                                                                                                                                   
