10400000         2124574840001810000000000000000000001584925163200000000MEGA - CAIXA ECONOMICA        CAIXA ECONOMICA FEDERAL                 11103202414090900390905000000                    REMESSA-PRODUCAO                                 
10400011R0100030 20124574840001812516320000000000000001584925163200000000MEGA - CAIXA ECONOMICA                                                                                        000039091103202400000000                                 
1040001300001P 0101584925163200000000000140019127052004761122000001893707    1203202400000000000495700000099N1103202411303202400000000000001600000000000000000000000000000000000000000000000000000000001893707              3001029090000000000 
1040001300002Q 011000005739298407ROBSON GOMES DOS SANTOS                 2ª TRAVESSA NOVA DESCOBERTA, Nº 36      GUARARAPES     54325296JABOATÃO DOS GUPE0000000000000000                                                                       
10400015         000004000001000000000000049570000000000000000000000000000000000000000000000                                                                                                                                                    
10499999         000001000006                                                                                                                                                                                                                   
